@article{Chen1997,
author = {N. Chen},
title = {A Vision-Guided Autonomous Vehicle: An Alternative Micromouse Competition},
journal = {IEEE Transactions On Education},
volume = 40,
number = 4,
pages = {253-258},
year = 1997
}

@article{ucsd,
url = "http://www.jacobsschool.ucsd.edu/student/student_involved/involved_org/matching_funds/docs/sample_proposal2_11-12.pdf"
}